% ГОСТ Р 7.0.11-2011, Приложение Б, Книги
@BOOK{Shamin,
  author = {Шамин, Р. В.},
  title = {Практическое руководство по методам машинного обучения},
  address = {Москва},
  publisher = {Научный канал},
  year = {2019},
  numpages = {93},
  language = {russian}
}
